@INPROCEEDINGS{random_forests,
author = {Leo Breiman Statistics and Leo Breiman},
title = {Random Forests},
booktitle = {Machine Learning},
year = {2001},
pages = {5--32}
}

@inproceedings{li2007mcrank,
  title={Mcrank: Learning to rank using multiple classification and gradient boosting},
  author={Li, Ping and Wu, Qiang and Burges, Christopher J},
  booktitle={Advances in neural information processing systems},
  pages={897--904},
  year={2007}
}

@inproceedings{Cossock:2006:SRU:2102571.2102627,
  author = {Cossock, David and Zhang, Tong},
  title = {Subset Ranking Using Regression},
  booktitle = {Proceedings of the 19th Annual Conference on Learning Theory},
  series = {COLT'06},
  year = {2006},
  isbn = {3-540-35294-5, 978-3-540-35294-5},
  location = {Pittsburgh, PA},
  pages = {605--619},
  numpages = {15},
  url = {http://dx.doi.org/10.1007/11776420_44},
  doi = {10.1007/11776420_44},
  acmid = {2102627},
  publisher = {Springer-Verlag},
  address = {Berlin, Heidelberg},
}

@article{letor,
 author = {Qin, Tao and Liu, Tie-Yan and Xu, Jun and Li, Hang},
 title = {LETOR: A Benchmark Collection for Research on Learning to Rank for Information Retrieval},
 journal = {Inf. Retr.},
 issue_date = {August    2010},
 volume = {13},
 number = {4},
 month = aug,
 year = {2010},
 issn = {1386-4564},
 pages = {346--374},
 numpages = {29},
 url = {http://dx.doi.org/10.1007/s10791-009-9123-y},
 doi = {10.1007/s10791-009-9123-y},
 acmid = {1842571},
 publisher = {Kluwer Academic Publishers},
 address = {Hingham, MA, USA},
 keywords = {Benchmark datasets, Feature extraction, Information retrieval, Learning to rank},
} 

@article{lambdamart,
  title={Ranking, boosting, and model adaptation},
  author={Wu, Qiang and Burges, Chris JC and Svore, Krysta M and Gao, Jianfeng},
  journal={Tecnical Report, MSR-TR-2008-109},
  year={2008}
}

@article{friedman2001greedy,
  title={Greedy function approximation: a gradient boosting machine},
  author={Friedman, Jerome H},
  journal={Annals of Statistics},
  pages={1189--1232},
  year={2001},
  publisher={JSTOR}
}

@inproceedings{mohan2011web,
  title={Web-Search Ranking with Initialized Gradient Boosted Regression Trees.},
  author={Mohan, Ananth and Chen, Zheng and Weinberger, Kilian Q},
  booktitle={Yahoo! Learning to Rank Challenge},
  pages={77--89},
  year={2011}
}
